<?xml version="1.0" encoding="UTF-8" standalone="yes"?>
<Document xmlns="urn:iso:std:iso:20022:tech:xsd:pain.001.001.03">
    <CstmrCdtTrfInitn>
        <GrpHdr>
            <MsgId>MSG123456789</MsgId>
            <CreDtTm>2025-08-28T20:19:33</CreDtTm>
            <NbOfTxs>1</NbOfTxs>
            <CtrlSum>1500.00</CtrlSum>
            <InitgPty>
                <Nm>ABC Corporation</Nm>
            </InitgPty>
        </GrpHdr>
        <PmtInf>
            <PmtInfId>PMT123456789</PmtInfId>
            <PmtMtd>TRF</PmtMtd>
            <NbOfTxs>1</NbOfTxs>
            <CtrlSum>1500.00</CtrlSum>
            <PmtTpInf>
                <SvcLvl>
                    <Cd>SEPA</Cd>
                </SvcLvl>
            </PmtTpInf>
            <ReqdExctnDt>2025-08-29</ReqdExctnDt>
            <Dbtr>
                <Nm>John Doe</Nm>
                <PstlAdr>
                    <Ctry>US</Ctry>
                    <AdrLine>123 Main St</AdrLine>
                    <AdrLine>New York, NY 10001</AdrLine>
                </PstlAdr>
                <CtctDtls>
                    <Nm>John Doe</Nm>
                    <PhneNb>+1-555-123-4567</PhneNb>
                    <EmailAdr>john.doe@example.com</EmailAdr>
                </CtctDtls>
            </Dbtr>
            <DbtrAcct>
                <Id>
                    <IBAN>DE89370400440532013000</IBAN>
                </Id>
            </DbtrAcct>
            <DbtrAgt>
                <FinInstnId>
                    <BIC>DEUTDEFF</BIC>
                </FinInstnId>
            </DbtrAgt>
            <CdtTrfTxInf>
                <PmtId>
                    <EndToEndId>NOTPROVIDED</EndToEndId>
                </PmtId>
                <Amt>
                    <InstdAmt Ccy="USD">1500.00</InstdAmt>
                </Amt>
                <CdtrAgt>
                    <FinInstnId>
                        <BIC>CHASUS33</BIC>
                    </FinInstnId>
                </CdtrAgt>
                <Cdtr>
                    <Nm>Jane Smith</Nm>
                    <PstlAdr>
                        <Ctry>US</Ctry>
                        <AdrLine>456 Oak Ave</AdrLine>
                        <AdrLine>Los Angeles, CA 90001</AdrLine>
                    </PstlAdr>
                </Cdtr>
                <CdtrAcct>
                    <Id>
                        <IBAN>US03300000000000000000</IBAN>
                    </Id>
                </CdtrAcct>
                <RmtInf>
                    <Ustrd>Invoice 12345 - Web Design Services</Ustrd>
                </RmtInf>
            </CdtTrfTxInf>
        </PmtInf>
    </CstmrCdtTrfInitn>
</Document>